@manual{f-1_manual,
  title        	= {{R-3896-1 - F-1 Engine Familiarization Training Manual}},
  author       	= {{Configuration accounting, logistics engineering and training}},
  organization 	= {Rocketdyne},
  month        	= 7,
  year         	= 1971
}

@manual{flight_manual,
  title        	= {{Saturn V Flight Manual SA-507}},
  author       	= {Georce C. Marshall Space Flight Center},
  organization 	= {National Aeronautics and Space Administration},
  month        	= 10,
  year         	= 1969
}

@techreport{launch_report,
  title        	= {\textit{Saturn V Launch Vehicle Flight Evaluation Report - AS-506 Apollo 11 Mission}},
  author       	= {Georce C. Marshall Space Flight Center},
  institution 	= {National Aeronautics and Space Administration},
  month        	= 9,
  year         	= 1969
}

@manual{engine_manual,
  title        	= {{R-3896-1 - Technical Manual - Engine Data F-1 Rocket Engine}},
  author       	= {Rocketdyne},
  organization 	= {National Aeronautics and Space Administration \& Rocketdyne},
  month        	= 3,
  year         	= 1967
}

@manual{engine_manual_supplement,
  title        	= {{R-3896-1A - Technical Manual Supplement - Engine Data F-1 Rocket Engine}},
  author       	= {Rocketdyne},
  organization 	= {National Aeronautics and Space Administration \& Rocketdyne},
  month        	= 3,
  year         	= 1967
}

@manual{gg_manual,
  title        	= {{Liquid Propellant Gas Generators}},
  author       	= {Howard W. Douglass},
  organization 	= {National Aeronautics and Space Administration},
  month        	= 3,
  year         	= 1972
}

@manual{turbopump_manual,
  title        	= {{Turbopump Systems for Liquid Rocket Engines}},
  author       	= {National Aeronautics and Space Administration},
  month        	= 8,
  year         	= 1974
}

@manual{nozzle_design,
  title        	= {{Liquid Rocket Engine Nozzles}},
  author       	= {National Aeronautics and Space Administration},
  month        	= 7,
  year         	= 1976
}

@manual{rpa_theory_manual,
  title        	= {RPA: Tool for Liquid Propellant Rocket Engine Analysis
C++ Implementation},
  author       	= {Alexander Ponomarenko},
  month        	= 5,
  year         	= 2010
}

@manual{rpa_user_manual,
  title        	= {RPA: User Manual},
  author       	= {Alexander Ponomarenko},
  month        	= 1,
  year         	= 2015
}

@manual{rpa_thermal_manual,
  title        	= {RPA: Thermal Analysis of Thrust Chambers},
  author       	= {Alexander Ponomarenko},
  month        	= 3,
  year         	= 2012
}

@manual{turbine_design,
  title        	= {Liquid Rocket Engine Turbines},
  author       	= {NASA - Design Criteria Office},
  month        	= 1,
  year         	= 1974
}

@article{JPP,
  author  		= {{Joseph C. Oefelein, Vigor Yang}},
  title   		= {{Comprehensive Review of Liquid-Propellant Combustion
Instabilities in F-l Engines}},
  journal 		= {Journal of Propulsion and Power},
  year    		= 1993,
  number  		= 5,
  pages   		= {657-677},
  month   		= 10,
  volume  		= 9
}

@book{AIAA_book_1, 
	author = {D.K. Huzel, D.H. Huang},
	title  = {Design of Liquid Propellant Rocket Engines, vol. 2},
	year   = {1967},
	publisher = {Scientifical and Technichal Division NASA}
}

@book{AIAA_book_2, 
	author = {D.K. Huzel, D.H. Huang},
	title  = {Modern Engineering for Design of Liquid Propellant Rocket Engines},
	year   = {1992},
	publisher = {AIAA}
}

@book{dimensionamento, 
	author = {Pasquale M. Sforza},
	title  = {Theory of Aerospace Propulsion},
	year   = {2012},
	publisher = {Butterworth-Heinemann}
}

@manual{engine_information,
  title        	= {{Technical information summary, Apollo-10 (AS-505)}},
  organization 	= {National Aeronautics and Space Administration \& Rocketdyne},
  month        	= 12,
  year         	= 1966
}

@manual{f-1_rocket_manual,
  title        	= {{R-3896-4 - Technical manual, Illustrated parts breakdown}},
  organization 	= {National Aeronautics and Space Administration \& Rocketdyne},
  month        	= 1,
  year         	= 1970
}

@misc{enginehistory,
  author       = {Kimble D. McCutcheon}, 
  title        = {enginehistory.org},
  year         = 2022,
  howpublished = "\url{https://www.enginehistory.org/Rockets/RPE08.10/RPE08.10.shtml}",
  urldate      = {2022-08-03}
}

@misc{heroicrelics,
  author       = {Mike Jetzer},
  title        = {heroicrelics.org},
  howpublished = "\url{http://heroicrelics.org/info/f-1/lox-flowmeter.html}"
}

@misc{sanchez_slides,
  author       = {Manuel Martin-Sanchez}, 
  title        = {Lecture 25: Basic Turbomachine Performance},
  howpublished = {PDF},
  year         = 2005,
  note         = {Additional PDFs at https://ocw.mit.edu/courses/16-512-rocket-propulsion-fall-2005/}
}

@misc{CEAM_guide,
  author       = {Sam Kobilska \& Chip Kopicz}, 
  title        = {Chemical Equilibrium with Applications for MATLAB: Quick Start Guide},
  howpublished = {PowerPoint},
  month        = 7,
  year         = 2017,
  note         = {An optional note}
}

@misc{site_exhaust,
  author       = {Kimble D. McCutcheon},
  title        = {Rocketdyne F-1 Engine Descripton},
  year         = 2021,
  howpublished = "\url{https://www.enginehistory.org/Rockets/RPE08.11/F-1ExManNozzleExt.jpg}",
  urldate      = {2021-05-13}
}